@article{hafner2023dreamerv3,
  title={Mastering Diverse Domains through World Models (DreamerV3)},
  author={Hafner, Danijar and others},
  journal={arXiv preprint arXiv:2301.04104},
  year={2023},
  url={https://arxiv.org/abs/2301.04104}
}

@misc{minigrid_doorkey,
  title={MiniGrid --- DoorKey Environment},
  author={{Farama Foundation}},
  year={2023},
  howpublished={\url{https://minigrid.farama.org/environments/minigrid/DoorKeyEnv/}}
}

@article{hafner2021crafter,
  title={Crafter: Benchmarking the Spectrum of Agent Capabilities},
  author={Hafner, Danijar},
  journal={arXiv preprint arXiv:2109.06780},
  year={2021},
  url={https://arxiv.org/abs/2109.06780}
}

@article{matthews2024craftax,
  title={Craftax: A Lightning-Fast Benchmark for Open-Ended RL},
  author={Matthews, Michael and others},
  journal={arXiv preprint arXiv:2402.16801},
  year={2024},
  url={https://arxiv.org/abs/2402.16801}
}

@article{huang2022lmp,
  title={Language Models as Zero-Shot Planners},
  author={Huang, Wenlong and others},
  journal={arXiv preprint arXiv:2201.07207},
  year={2022},
  url={https://arxiv.org/abs/2201.07207}
}

@inproceedings{huang2022pmlr,
  title={Extracting Actionable Knowledge for Embodied Agents},
  author={Huang, Wenlong and others},
  booktitle={Proceedings of the 39th International Conference on Machine Learning},
  series={Proceedings of Machine Learning Research},
  volume={162},
  pages={9058--9077},
  year={2022},
  url={https://proceedings.mlr.press/v162/huang22a/huang22a.pdf}
}

@article{yao2023react,
  title={ReAct: Synergizing Reasoning and Acting in Language Models},
  author={Yao, Shunyu and others},
  journal={arXiv preprint arXiv:2210.03629},
  year={2023},
  url={https://arxiv.org/abs/2210.03629}
}

@article{wang2023voyager,
  title={Voyager: An Open-Ended Embodied Agent in Minecraft},
  author={Wang, Guanzhi and others},
  journal={arXiv preprint arXiv:2305.16291},
  year={2023},
  url={https://arxiv.org/abs/2305.16291}
}

@article{shinn2023reflexion,
  title={Reflexion: Language Agents with Verbal Reinforcement Learning},
  author={Shinn, Noah and others},
  journal={arXiv preprint arXiv:2303.11366},
  year={2023},
  url={https://arxiv.org/abs/2303.11366}
}

@misc{shinn2023reflexionOpenReview,
  title={Reflexion: language agents with verbal reinforcement learning},
  author={Shinn, Noah and others},
  year={2023},
  howpublished={\url{https://openreview.net/forum?id=vAElhFcKW6}}
}

@article{liu2023agentbench,
  title={AgentBench: Evaluating LLMs as Agents},
  author={Liu, Xiaogang and others},
  journal={arXiv preprint arXiv:2308.03688},
  year={2023},
  url={https://arxiv.org/abs/2308.03688}
}

@article{wu2023smartplay,
  title={SmartPlay: A Benchmark for LLMs as Intelligent Agents},
  author={Wu, Yujia and others},
  journal={arXiv preprint arXiv:2310.01557},
  year={2023},
  url={https://arxiv.org/abs/2310.01557}
}

@article{schulman2015trpo,
  title={Trust Region Policy Optimization},
  author={Schulman, John and others},
  journal={arXiv preprint arXiv:1502.05477},
  year={2015},
  url={https://arxiv.org/abs/1502.05477}
}

@article{levine2018rlcontrol,
  title={Reinforcement Learning and Control as Probabilistic Inference},
  author={Levine, Sergey},
  journal={arXiv preprint arXiv:1805.00909},
  year={2018},
  url={https://arxiv.org/abs/1805.00909}
}

@article{sekar2020plan2explore,
  title={Planning to Explore via Self-Supervised World Models},
  author={Sekar, Ramanan and others},
  journal={arXiv preprint arXiv:2005.05960},
  year={2020},
  url={https://arxiv.org/abs/2005.05960}
}

@inproceedings{pathak2019disagreement,
  title={Self-Supervised Exploration via Disagreement},
  author={Pathak, Deepak and others},
  booktitle={Proceedings of the 36th International Conference on Machine Learning},
  series={Proceedings of Machine Learning Research},
  volume={97},
  year={2019},
  url={https://proceedings.mlr.press/v97/pathak19a.html}
}

@article{hinton2015distill,
  title={Distilling the Knowledge in a Neural Network},
  author={Hinton, Geoffrey and Vinyals, Oriol and Dean, Jeff},
  journal={arXiv preprint arXiv:1503.02531},
  year={2015},
  url={https://arxiv.org/abs/1503.02531}
}

@inproceedings{guo2017calibration,
  title={On Calibration of Modern Neural Networks},
  author={Guo, Chuan and Pleiss, Geoff and Sun, Yu and Weinberger, Kilian Q},
  booktitle={Proceedings of the 34th International Conference on Machine Learning},
  series={Proceedings of Machine Learning Research},
  volume={70},
  pages={1321--1330},
  year={2017},
  url={https://arxiv.org/abs/1706.04599}
}

@article{ahn2022saycan,
  title={Do As I Can, Not As I Say: Grounding Language in Robotic Affordances},
  author={Ahn, Michael and others},
  journal={arXiv preprint arXiv:2204.01691},
  year={2022},
  url={https://arxiv.org/abs/2204.01691}
}

@misc{dreamerv3_github,
  title={danijar/dreamerv3: Mastering Diverse Domains through World Models},
  author={Hafner, Danijar and others},
  year={2023},
  howpublished={\url{https://github.com/danijar/dreamerv3}}
}

@misc{lore_github,
  title={kikuya1179/LoRe},
  author={Ogasa Shinji},
  year={2025},
  howpublished={\url{https://github.com/kikuya1179/LoRe}}
}

